<record><leader>00000cas a22000007a 4500</leader><controlfield tag="001">13015579</controlfield><controlfield tag="008">860113d19251939utudn ne      0    0eng d</controlfield><controlfield tag="009">5593</controlfield><datafield ind1=" " ind2=" " tag="010"><subfield code="a">sn 86091044 </subfield></datafield><datafield ind1=" " ind2=" " tag="040"><subfield code="a">UNP</subfield><subfield code="b">eng</subfield><subfield code="c">UNP</subfield><subfield code="d">DLC</subfield><subfield code="d">UNP</subfield><subfield code="d">NSD</subfield><subfield code="d">DLC</subfield><subfield code="d">OCLCF</subfield></datafield><datafield ind1="1" ind2=" " tag="029"><subfield code="a">AU@</subfield><subfield code="b">000025794054</subfield></datafield><datafield ind1=" " ind2=" " tag="042"><subfield code="a">msc</subfield></datafield><datafield ind1=" " ind2=" " tag="043"><subfield code="a">n-us-ut</subfield></datafield><datafield ind1="0" ind2="0" tag="050"><subfield code="a">Newspaper</subfield></datafield><datafield ind1="0" ind2=" " tag="130"><subfield code="a">Evening herald (Provo, Utah)</subfield></datafield><datafield ind1="1" ind2="4" tag="245"><subfield code="a">The evening herald.</subfield></datafield><datafield ind1="1" ind2="3" tag="246"><subfield code="a">Daily herald</subfield></datafield><datafield ind1="1" ind2="0" tag="246"><subfield code="a">Sunday herald (Provo, Utah)</subfield></datafield><datafield ind1="0" ind2="7" tag="246"><subfield code="a">Provo evening herald</subfield></datafield><datafield ind1=" " ind2=" " tag="260"><subfield code="a">Provo, Utah :</subfield><subfield code="b">Herald Co.,</subfield><subfield code="c">1925-1939.</subfield></datafield><datafield ind1=" " ind2=" " tag="300"><subfield code="a">15 v. :</subfield><subfield code="b">ill. ;</subfield><subfield code="c">57 cm.</subfield></datafield><datafield ind1=" " ind2=" " tag="310"><subfield code="a">Daily (except Sat. and Sun.)</subfield></datafield><datafield ind1="0" ind2=" " tag="362"><subfield code="a">39th year, no. 202 (Mar. 16, 1925)-53rd year, no. 223 (May,19, 1939).</subfield></datafield><datafield ind1=" " ind2=" " tag="500"><subfield code="a">Published on Sunday as: Sunday herald (Provo, Utah).</subfield></datafield><datafield ind1=" " ind2="0" tag="651"><subfield code="a">Provo (Utah)</subfield><subfield code="v">Newspapers.</subfield></datafield><datafield ind1=" " ind2="7" tag="655"><subfield code="a">Newspapers.</subfield><subfield code="2">fast</subfield><subfield code="0">(OCoLC)fst01423814</subfield></datafield><datafield ind1=" " ind2="7" tag="651"><subfield code="a">Utah</subfield><subfield code="z">Provo.</subfield><subfield code="2">fast</subfield><subfield code="0">(OCoLC)fst01204536</subfield></datafield><datafield ind1=" " ind2=" " tag="752"><subfield code="a">United States</subfield><subfield code="b">Utah</subfield><subfield code="c">Utah</subfield><subfield code="d">Provo.</subfield></datafield><datafield ind1="0" ind2=" " tag="775"><subfield code="t">Sunday herald (Provo, Utah)</subfield><subfield code="w">(DLC)sn 86091045</subfield><subfield code="w">(OCoLC)1305628</subfield></datafield><datafield ind1="0" ind2="0" tag="780"><subfield code="t">Daily herald (Provo, Utah : 1922)</subfield><subfield code="w">(DLC)sn 86091043</subfield><subfield code="w">(OCoLC)13015536</subfield></datafield><datafield ind1="0" ind2="0" tag="785"><subfield code="t">Daily herald (Provo, Utah : 1939)</subfield><subfield code="x">0891-2777</subfield><subfield code="w">(DLC)sn 86092567</subfield><subfield code="w">(OCoLC)14221549</subfield></datafield></record>